=LDR  03695 am a22004697a 4500
=001  015907734
=003  Uk
=005  20111010153255.0
=006  m\\\\\\\\d\\\\\\\\
=007  cr\|||||||||||
=008  111010s2008\\\\xxk\\\\\sbm\\\000\0\eng\\
=040  \\$aUk$beng$cUk$dUk
=082  04$a622$223
=100  1\$aSanni, Moshood Olajide.
=245  10$aWell Test Analysis in Volatile Oil Reservoirs$h[electronic resource].
=260  \\$bImperial College, London,$c2008.
=300  \\$ap. :$bdigital, PDF file.
=336  \\$atext$2rdacontent
=337  \\$acomputer$2rdamedia
=338  \\$aonline resource$2rdacarrier
=502  \\$aThesis Imperial College London (University of London), 2008.
=504  \\$aIncludes bibliographical references.
=520  3\$aThis thesis discusses characterization of volatile oil reservoirs using well test analysis. For this purpose, typical well test behaviours were simulated with a one-dimensional single well compositional reservoir model, for different production rates; fluid composition and relative permeability curves, with bottomhole pressures above and below the bubble point pressure. It was found that, when the bottomhole pressure falls below the bubble point pressure during a drawdown, a high gas saturation zone is created around the wellbore with two-phase (oil and gas) flow, whereas single phase (oil) with the initial gas saturation remains away from the wellbore. During the subsequent build up, the gas created around the wellbore during the preceding drawdown condenses into the oil and the saturation in the near-wellbore region returns to the initial gas saturation. The log-log pressure-derivative behaviours below the bubble point correspond to a twozone radial composite model, with decreasing mobility during drawdowns and increasing mobilities during build ups. The log-log pressure derivative plot of the build up reflects oil mobility distribution of the reservoir at the end of the preceding drawdown. Knowledge obtained from the study was applied to the analysis of a well test in an actual volatile oil reservoir. Analysis results were validated with compositional reservoir simulation that included the effect of capillary number and non-Darcy flow. Finally, factors affecting well deliverability in volatile oil reservoirs producing at flowing bottomhole pressure below bubble point pressure were studied. The result shows that end point relative permeability of oil phase and oil fluid composition are the most important factors affecting productivity of volatile oil reservoirs producing below bubble point pressure. This study suggests in volatile oil reservoirs, both vertical hydraulic fractures and horizontal wells are best implemented early in the wells life to delay the time when the flowing bottomhole pressure drops below the bubble point pressure, hence improving ultimate recovery.
=538  \\$aMode of access: World Wide Web.
=710  2\$aImperial College, London.
=852  4\$aBritish Library$bDSC$cDRT$j495439
=859  \\$aXLD$bEThOS
=CAT  \\$aETHOSBKLG$b00$c20111010$lBLL01$h1532
=CAT  \\$aETHOSBKLG$c20111010$lBLL01$h1605
=CAT  \\$aETHOSBKLG$c20111010$lBLL01$h1629
=CAT  \\$aBATCH$b00$c20111010$lBLL01$h1816
=CAT  \\$aBATCH-UPD$b00$c20121030$lBLL01$h1022
=CAT  \\$aWR13.117$c20130727$lBLL01$h2003
=CAT  \\$aWR13.144/5$c20140418$lBLL01$h1023
=CAT  \\$aBATCH-ETHO$b00$c20140502$lBLL01$h0137
=CAT  \\$aBATCH-ETH8$c20170506$lBLL01$h1037
=DRT  \\$aETHOS
=FIN  \\$aY$d20111010
=FMT  \\$a  BK
=LAS  \\$aBATCH-ETH8$b00$c20170506$lBLL01$h1037
=SRC  \\$aEThOS$bethos_marc_111007.mrc
=STA  \\$aSUPPRESSED$bEThOS can't supply or embargoed

