=LDR  03420 am a22004697a 4500
=001  015909370
=003  Uk
=005  20111010153310.0
=006  m\\\\\\\\d\\\\\\\\
=007  cr\|||||||||||
=008  111010s2007\\\\xxk\\\\\sbm\\\000\0\eng\\
=040  \\$aUk$beng$cUk
=082  04$a617$223
=100  1\$aNicolaou, Marios.
=245  14$aThe assessment of visual behaviour and depth perception in surgery$h[electronic resource].
=260  \\$bImperial College London (University of London),$c2007.
=300  \\$ap. :$bdigital, PDF file.
=336  \\$atext$2rdacontent
=337  \\$acomputer$2rdamedia
=338  \\$aonline resource$2rdacarrier
=502  \\$aThesis (Ph.D.)--Imperial College, London, 2007.
=504  \\$aIncludes bibliographical references.
=520  3\$aThe purpose of this thesis is to identify new methods of improving the delivery and assessment of minimally invasive surgery (MIS), particularly under the constraint of monoscopic MIS visualisation. In this thesis, the role of visual spatial ability in the acquisition of surgical skills is first investigated. A psychometric test is used to elucidate the correlation between spatial ability and complex tasks, and highlight the need for more quantitative assessment of visuomotor behaviours in laparoscopic procedures. To this end, a wavelet-based analysis framework for instrument trajectory analysis is developed for extracting intrinsic motion behaviours. This is used to provide an insight into subconscious integration of the visual and motor axes in a depthless operative field. The issue of monoscopic visualisation of the operative field in MIS is also addressed and a method of improving depth perception by digitally enhancing a "weak" shadow cast by a secondary light source is proposed. By performing experiments on MIS novices, significant improvements in depth perception by the use of the proposed technique are demonstrated. Finally, eye tracking is used to study the difference in visual behaviour between laparoscopic novices and experts. A distinct visual behaviour of instrument tool-tip tracking during instrument manoeuvring is observed among the novices but not the experts, and this behaviour is shown to be repeatable in both groups. These results provide an important insight into how the cognitive, motor and visual stimuli are integrated during MIS surgery, as well as how the surgeons compensate for the depthless operative field. These findings can be used for the development of more focussed training curricula and the development of improved MIS instruments for its safe practice.
=538  \\$aMode of access: World Wide Web.
=710  2\$aImperial College, London.
=852  4\$aBritish Library$bDSC$cDRT$j497279
=859  \\$aXLD$bEThOS
=CAT  \\$aETHOSBKLG$b00$c20111010$lBLL01$h1533
=CAT  \\$aETHOSBKLG$c20111010$lBLL01$h1606
=CAT  \\$aETHOSBKLG$c20111010$lBLL01$h1629
=CAT  \\$aBATCH$b00$c20111010$lBLL01$h1817
=CAT  \\$aBATCH-UPD$b00$c20121030$lBLL01$h1022
=CAT  \\$aWR13.117$c20130727$lBLL01$h2004
=CAT  \\$aWR13.144/5$c20140418$lBLL01$h1023
=CAT  \\$aBATCH-ETHO$b00$c20140502$lBLL01$h0138
=CAT  \\$aBATCH-ETH8$c20170506$lBLL01$h1038
=DRT  \\$aETHOS
=FIN  \\$aY$d20111010
=FMT  \\$a  BK
=LAS  \\$aBATCH-ETH8$b00$c20170506$lBLL01$h1038
=SRC  \\$aEThOS$bethos_marc_111007.mrc
=STA  \\$aSUPPRESSED$bEThOS can't supply or embargoed

