=LDR  02208 am a22004697a 4500
=001  015909888
=003  Uk
=005  20111010153315.0
=006  m\\\\\\\\d\\\\\\\\
=007  cr\|||||||||||
=008  111010s2007\\\\xxk\\\\\sbm\\\000\0\eng\\
=040  \\$aUk$beng$cUk
=082  04$a616.2$223
=100  1\$aKariyawasam, Harsha Hemantha.
=245  10$aAirway remodelling and transforming growth factor (TGF)-β superfamily signalling in allergen-induced asthma$h[electronic resource].
=260  \\$bImperial College, London,$c2007.
=300  \\$a327 p. :$bdigital, PDF file.
=336  \\$atext$2rdacontent
=337  \\$acomputer$2rdamedia
=338  \\$aonline resource$2rdacarrier
=502  \\$aThesis (Ph.D.)--Imperial College, London, 2007.
=504  \\$aIncludes bibliographical references.
=520  3\$aBronchial biopsies obtained at baseline, 24 hours and 7 days after allergen challenge from mild atopic asthmatics were evaluated to follow the initiation and resolution of allergen-induced inflammation and remodelling in relation to AHR. Further, the expression patterns of the TGF-β Superfamily ligands (TGF-β₁₋₃, activin-A, BMP-2, BMP-4 and BMP-7) and their respective signalling pathway Type II receptors, Type I receptors and signalling Smad proteins were defined in baseline asthma and after allergen provocation in comparision with normal volunteers.
=538  \\$aMode of access: World Wide Web.
=710  2\$aImperial College, London.
=852  4\$aBritish Library$bDSC$cDRT$j497870
=859  \\$aXLD$bEThOS
=CAT  \\$aETHOSBKLG$b00$c20111010$lBLL01$h1533
=CAT  \\$aETHOSBKLG$c20111010$lBLL01$h1606
=CAT  \\$aETHOSBKLG$c20111010$lBLL01$h1629
=CAT  \\$aBATCH$b00$c20111010$lBLL01$h1817
=CAT  \\$aBATCH-UPD$b00$c20121030$lBLL01$h1022
=CAT  \\$aWR13.117$c20130727$lBLL01$h2004
=CAT  \\$aWR13.144/5$c20140418$lBLL01$h1023
=CAT  \\$aBATCH-ETHO$b00$c20140502$lBLL01$h0138
=CAT  \\$aBATCH-ETH8$c20170506$lBLL01$h1038
=DRT  \\$aETHOS
=FIN  \\$aY$d20111010
=FMT  \\$a  BK
=LAS  \\$aBATCH-ETH8$b00$c20170506$lBLL01$h1038
=SRC  \\$aEThOS$bethos_marc_111007.mrc
=STA  \\$aSUPPRESSED$bEThOS can't supply or embargoed

