=LDR  03175 am a22004577a 4500
=001  015909940
=003  Uk
=005  20111010153315.0
=006  m\\\\\\\\d\\\\\\\\
=007  cr\|||||||||||
=008  101031s2008\\\\xxk\\\\\sbm\\\000\0\eng\\
=040  \\$aUk$beng$cUk
=082  04$a610.21$223
=100  1\$aMillett, Christopher Joseph.
=245  10$aImpact of pay for performance on inequalities in diabetes management between ethnic groups$h[electronic resource].
=260  \\$bImperial College London,$c2008.
=300  \\$a212 p. :$bdigital, PDF file.
=336  \\$atext$2rdacontent
=337  \\$acomputer$2rdamedia
=338  \\$aonline resource$2rdacarrier
=502  \\$aThesis (Ph.D.)--Imperial College London, 2008.
=504  \\$aIncludes bibliographical references.
=520  3\$aBackground: A new contract for general practitioners in the United Kingdom represents the most radical shift towards pay for performance seen in any health care system. The contract provides an important opportunity to address inequalities in chronic disease management. This thesis examines the impact of this pay for performance incentive on inequalities in the management of diabetes between ethnic groups. Methods: (1) Population based longitudinal survey using electronic general practice records carried out in Wandsworth, south London before and after the introduction of pay for performance (2) Secondary analysis of data from the Health Survey for England (1998-2004). Results: The proportion of patients achieving treatment targets for diabetes increased significantly after the implementation of pay for performance. The extents of these increases were broadly uniform across ethnic groups, with the exception of the black Caribbean group, which had significantly lower improvement in HbA1c and blood pressure control relative to the white British group. Variations in prescribing and achievement of treatment targets between ethnic groups evident in 2003 were not attenuated in 2005. Processes of care for diabetes were generally equitable before the introduction of pay for performance. Conclusions: Pay for performance has not addressed inequalities in the management of diabetes between ethnic groups. Quality improvement initiatives must place greater emphasis on minority communities to avoid continued inequalities in morbidity and mortality from the major complications of diabetes.
=538  \\$aMode of access: World Wide Web.
=710  2\$aImperial College, London.
=852  4\$aBritish Library$bDSC$cDRT$j497930
=859  \\$aXLD$bEThOS
=CAT  \\$aETHOSBKLG$b00$c20111010$lBLL01$h1533
=CAT  \\$aETHOSBKLG$c20111010$lBLL01$h1606
=CAT  \\$aETHOSBKLG$c20111010$lBLL01$h1629
=CAT  \\$aBATCH$b00$c20111010$lBLL01$h1817
=CAT  \\$aBATCH-UPD$b00$c20121030$lBLL01$h1022
=CAT  \\$aWR13.117$c20130727$lBLL01$h2004
=CAT  \\$aWR13.144/5$c20140418$lBLL01$h1023
=CAT  \\$aBATCH-ETHO$b00$c20140502$lBLL01$h0138
=DRT  \\$aETHOS
=FIN  \\$aY$d20111010
=FMT  \\$a  BK
=LAS  \\$aBATCH-ETHO$b00$c20140502$lBLL01$h0138
=SRC  \\$aEThOS$bethos_marc_111007.mrc
=STA  \\$aSUPPRESSED$bEThOS can't supply or embargoed

