=LDR  03562 am a22004577a 4500
=001  015910972
=003  Uk
=005  20111010153325.0
=006  m\\\\\\\\d\\\\\\\\
=007  cr\|||||||||||
=008  101031s2007\\\\xxk\\\\\sbm\\\000\0\eng\\
=040  \\$aUk$beng$cUk
=082  04$a611$223
=100  1\$aAndreou, Artemisia Maria.
=245  14$aThe role of T-box transcription factor TBX22 in craniofacial development$h[electronic resource].
=260  \\$bImperial College London,$c2007.
=300  \\$ap. :$bdigital, PDF file.
=336  \\$atext$2rdacontent
=337  \\$acomputer$2rdamedia
=338  \\$aonline resource$2rdacarrier
=502  \\$aThesis (Ph.D.)--Imperial College London, 2007.
=504  \\$aIncludes bibliographical references.
=520  3\$aX-linked cleft palate and ankyloglossia (CPX) is a semi-dominant condition caused by mutations in the T-box transcription factor gene TBX22, which accounts for around 5% of all cleft palate patients. TBX22 is expressed in the developing palatal shelves and tongue in both human and mouse embryos, however, biochemical function of the protein and its precise role in the cleft palate phenotype are still lacking. Various types of mutations have been identified in CPX patients, but notably most of the missense mutations localize within the DNA-binding T-box domain. This project set out to investigate the effects of naturally occurring missense mutations on protein function. Full-length wild type and mutant proteins were expressed in vitro and compared for DNA binding ability, localization to the nucleus and transcriptional activity. Protein trafficking into the nucleus was unaffected for all ten mutants tested.  Both DNA-binding and transcriptional repression was abolished or considerably compromised for many of the mutants compared to wild-type although some were more mildly affected, perhaps reflecting their role in protein-DNA or protein-protein interaction. Many transcriptional repressors are subject to post-translational modification by the small ubiquitin-related modifier SUMO. In silico analysis of TBX22 shows that it contains several consensus SUMOylation sequences. Direct interaction between the two proteins was demonstrated both by western blotting and co-immunoprecipitation studies. Treatment with SUMO-specific proteases or mutation of the SUMO attachment sites show that SUMOylation is required for transcriptional repression. Cell based analysis of the CPX missense mutants showed that they uniformly fail to be modified by endogenous SUMO, suggesting involvement of a common mechanism.  Collectively, the data suggests that the CPX phenotype results from loss of TBX22 repressor activity and that SUMO conjugation is likely to be a key factor during normal craniofacial development.
=538  \\$aMode of access: World Wide Web.
=710  2\$aImperial College, London.
=852  4\$aBritish Library$bDSC$cDRT$j499126
=859  \\$aXLD$bEThOS
=CAT  \\$aETHOSBKLG$b00$c20111010$lBLL01$h1533
=CAT  \\$aETHOSBKLG$c20111010$lBLL01$h1606
=CAT  \\$aETHOSBKLG$c20111010$lBLL01$h1630
=CAT  \\$aBATCH$b00$c20111010$lBLL01$h1818
=CAT  \\$aBATCH-UPD$b00$c20121030$lBLL01$h1022
=CAT  \\$aWR13.117$c20130727$lBLL01$h2004
=CAT  \\$aWR13.144/5$c20140418$lBLL01$h1024
=CAT  \\$aBATCH-ETHO$b00$c20140502$lBLL01$h0138
=DRT  \\$aETHOS
=FIN  \\$aY$d20111010
=FMT  \\$a  BK
=LAS  \\$aBATCH-ETHO$b00$c20140502$lBLL01$h0138
=SRC  \\$aEThOS$bethos_marc_111007.mrc
=STA  \\$aSUPPRESSED$bEThOS can't supply or embargoed

