=LDR  02198 am a22004697a 4500
=001  015911146
=003  Uk
=005  20120116140341.0
=006  m\\\\\\\\d\\\\\\\\
=007  cr\|||||||||||
=008  111010s2009\\\\enk\\\\\sbm\\\000\0\eng\\
=040  \\$aUk$beng$cUk$dUk
=082  04$a361.77$223
=100  1\$aHushie, Martin.
=245  10$aSustainability of health sector non-governmental organisations in Ghana$h[electronic resource] :$ban institutional perspective /$cMartin Hushie.
=260  \\$aKeele :$bKeele University,$c2009.
=300  \\$a1 online resource.
=336  \\$atext$2rdacontent
=337  \\$acomputer$2rdamedia
=338  \\$aonline resource$2rdacarrier
=502  \\$aThesis (Ph.D.)--Keele University, 2009.
=504  \\$aIncludes bibliographical references.
=520  3\$aDespite the increasing role and prominence of NGOs in the health and social development sectors of many countries, their effectiveness and sustainability, especially in the developing world, has not been clearly understood. The implementation of various social, political, economic and market-based health reforms, particularly from the 1980s onwards, has been cited as the major factor influencing their effectiveness. This thesis proposes that organisational theory provides a useful framework and a set of insights for understanding the behaviour of health care organisations.
=538  \\$aMode of access: World Wide Web.
=710  2\$aUniversity of Keele.
=852  4\$aBritish Library$bDSC$cDRT$j499353
=859  \\$aXLD$bEThOS
=CAT  \\$aETHOSBKLG$b00$c20111010$lBLL01$h1533
=CAT  \\$aETHOSBKLG$c20111010$lBLL01$h1606
=CAT  \\$aETHOSBKLG$c20111010$lBLL01$h1630
=CAT  \\$aBATCH$b00$c20111010$lBLL01$h1818
=CAT  \\$a8250$b40$c20120116$lBLL01$h1403
=CAT  \\$aBATCH-UPD$b40$c20121030$lBLL01$h1022
=CAT  \\$aWR13.117$c20130727$lBLL01$h2004
=CAT  \\$aWR13.144/5$c20140418$lBLL01$h1024
=CAT  \\$aBATCH-ETH8$c20170506$lBLL01$h1038
=DRT  \\$aETHOS
=FIN  \\$aY$d20111010
=FMT  \\$a  BK
=LAS  \\$aBATCH-ETH8$b00$c20170506$lBLL01$h1038
=SRC  \\$aEThOS$bethos_marc_111007.mrc
=STA  \\$aSUPPRESSED$bEThOS can't supply or embargoed

