=LDR  02097 am a22004817a 4500
=001  015911898
=003  Uk
=005  20120127092522.0
=006  m\\\\\\\\d\\\\\\\\
=007  cr\|||||||||||
=008  111010s2008\\\\stk\\\\\sbm\\\000\0\eng\\
=040  \\$aUk$beng$cUk$dUk
=082  04$a941.107$223
=100  1\$aCarr, Rosalind.
=245  10$aGender, national identity and political agency in eighteenth-century Scotland$h[electronic resource] /$cRosalind Carr.
=260  \\$aGlasgow :$bGlasgow University,$c2008.
=300  \\$a1 online resource.
=336  \\$atext$2rdacontent
=337  \\$acomputer$2rdamedia
=338  \\$aonline resource$2rdacarrier
=502  \\$aThesis (Ph.D.)--University of Glasgow, 2008.
=504  \\$aIncludes bibliographical references.
=520  3\$aThis thesis considers the interrelationship between the discourse and performance of gender, national identity and political agency in Scotland during the Union debates of 1706-07 and the mid-to-late eighteenth-century Scottish Enlightenment. These two periods are offered in contrast to each other in order to demonstrate the means by which changing discourses of gender and national identity impacted upon the performance of political agency.
=538  \\$aMode of access: World Wide Web.
=710  2\$aUniversity of Glasgow.
=852  4\$aBritish Library$bDSC$cDRT$j500246
=859  \\$aXLD$bEThOS
=CAT  \\$aETHOSBKLG$b00$c20111010$lBLL01$h1533
=CAT  \\$aETHOSBKLG$c20111010$lBLL01$h1606
=CAT  \\$aETHOSBKLG$c20111010$lBLL01$h1630
=CAT  \\$aBATCH$b00$c20111010$lBLL01$h1818
=CAT  \\$a5883$b40$c20120127$lBLL01$h0855
=CAT  \\$a5883$b40$c20120127$lBLL01$h0925
=CAT  \\$aBATCH-UPD$b40$c20121030$lBLL01$h1022
=CAT  \\$aWR13.117$c20130727$lBLL01$h2005
=CAT  \\$aWR13.144/5$c20140418$lBLL01$h1024
=CAT  \\$aBATCH-ETH8$c20170506$lBLL01$h1038
=DRT  \\$aETHOS
=FIN  \\$aY$d20111010
=FMT  \\$a  BK
=LAS  \\$aBATCH-ETH8$b00$c20170506$lBLL01$h1038
=SRC  \\$aEThOS$bethos_marc_111007.mrc
=STA  \\$aSUPPRESSED$bEThOS can't supply or embargoed

