=LDR  03557 am a22004697a 4500
=001  015912639
=003  Uk
=005  20111010153340.0
=006  m\\\\\\\\d\\\\\\\\
=007  cr\|||||||||||
=008  111010s2009\\\\xxk\\\\\sbm\\\000\0\eng\\
=040  \\$aUk$beng$cUk
=082  04$a612$223
=100  1\$aMisra, Superb K.
=245  10$aDevelopment of poly (3-hydroxybutyrate) (P(3HB))/bioactive glass composite system for biomedical applications$h[electronic resource].
=260  \\$bImperial College London (University of London),$c2009.
=300  \\$ap. :$bdigital, PDF file.
=336  \\$atext$2rdacontent
=337  \\$acomputer$2rdamedia
=338  \\$aonline resource$2rdacarrier
=502  \\$aThesis (Ph.D.)--Imperial College, London, 2009.
=504  \\$aIncludes bibliographical references.
=520  3\$aP(3HB) was produced from a novel gram-positive micro-organism (Bacillus cereus SPV) using biotechnology routes based on a 14 L fermentation strategy. 45S5 Bioglass (BG) particles of micrometer (<5 μm) and nanometer (<50 nm) sizes were added in different concentrations (5-30 wt%) to the P(3HB) matrix to prepare composites (films and foams) using the solvent casting/particulate leaching technique. Addition of nanosized bioactive glass particles increased the Young's modulus (up to 57%), enhanced the hydrophilicity (up to 58%), improved the total protein adsorption (up to 186%) and induced nanostructured topography on the surface of the composites. The in vitro degradation study in simulated body fluid (SBF) showed the P(3HB)/BG composites to be highly bioactive and to exhibit improved water absorption behaviour. Cytocompatibility studies using MG-63 human osteoblasts revealed the P(3HB)/BG composites to be a suitable substrate for cell attachment, proliferation and differentiation. Implanting P(3HB)/BG composites subcutaneously in rats (up to 2 weeks) provoked a foreign body and a non-toxic response. The presence of BG in the polymeric matrix also showed a strong antibacterial effect on the growth of S. aureus. Inclusion of Vitamin E i.e. a biological antioxidant, significantly improved the wettability (up to 22%), increased the total protein adsorption (up to 300%) and rendered the P(3HB)/BG composites suitable for cell growth. The presence of MWCNTs (2-7 wt%) induced electrical conductivity in the P(3HB)/BG composites without hindering the bioactivity. The presence of MWCNTs in P(3HB)/BG composites in high concentration (>2 wt%) caused MG-63 osteoblast cell death, whereas in low concentrations MWCNTs increased the cell proliferation. Overall, the novel composites developed in this project represent a very attractive group of materials for bone tissue engineering applications.
=538  \\$aMode of access: World Wide Web.
=710  2\$aImperial College, London.
=852  4\$aBritish Library$bDSC$cDRT$j501076
=859  \\$aXLD$bEThOS
=CAT  \\$aETHOSBKLG$b00$c20111010$lBLL01$h1533
=CAT  \\$aETHOSBKLG$c20111010$lBLL01$h1606
=CAT  \\$aETHOSBKLG$c20111010$lBLL01$h1630
=CAT  \\$aBATCH$b00$c20111010$lBLL01$h1818
=CAT  \\$aBATCH-UPD$b00$c20121030$lBLL01$h1022
=CAT  \\$aWR13.117$c20130727$lBLL01$h2005
=CAT  \\$aWR13.144/5$c20140418$lBLL01$h1024
=CAT  \\$aBATCH-ETHO$b00$c20140502$lBLL01$h0138
=CAT  \\$aBATCH-ETH8$c20170506$lBLL01$h1039
=DRT  \\$aETHOS
=FIN  \\$aY$d20111010
=FMT  \\$a  BK
=LAS  \\$aBATCH-ETH8$b00$c20170506$lBLL01$h1039
=SRC  \\$aEThOS$bethos_marc_111007.mrc
=STA  \\$aSUPPRESSED$bEThOS can't supply or embargoed

