=LDR  02838 am a22004697a 4500
=001  015912652
=003  Uk
=005  20120330115018.0
=006  m\\\\\\\\d\\\\\\\\
=007  cr\|||||||||||
=008  111010s2009\\\\enk\\\\\sbm\\\000\0\eng\\
=040  \\$aUk$beng$cUk$dUk
=082  04$a618.9285506$223
=100  1\$aMerrick, Rosalind.
=245  10$aChildren's views and speech and language therapy$h[electronic resource] /$cRosalind Merrick.
=260  \\$aBristol :$bUniversity of the West of England, Bristol,$c2009.
=300  \\$a1 online resource.
=336  \\$atext$2rdacontent
=337  \\$acomputer$2rdamedia
=338  \\$aonline resource$2rdacarrier
=502  \\$aThesis (Ph.D.)--University of the West of England, Bristol, 2009.
=504  \\$aIncludes bibliographical references.
=520  3\$aChildren have a right to participate in decisions that affect them, yet regarding speech and language therapy these are often made on their behalf. There is outstanding need for research with (rather than on) the children whom we judge to have communication difficulties. The aim of this study was to explore children's experiences of communication and of speech and language therapy, in order to develop suitable methods of researching these children's views, and to Identify problems, skills and help from children's perspectives. Forty four mainstream schoolchildren participated in the study, aged between 6 and 11 years. Eleven of the children were recruited purposivety through the speech and language therapy service, to include a range of ages and severity of difficulties. Open-ended interviews were carried out with the children in groups and, in the case of the speech and language therapy service users, individually. Verbal conversation was supported by non-verbal activity such as drawing, taking photographs and compiling a scrapbook. Data were audio and video recorded and transcribed. Findings were analysed qualitatively according to the principles of grounded theory.
=538  \\$aMode of access: World Wide Web.
=710  2\$aUniversity of the West of England, Bristol.
=852  4\$aBritish Library$bDSC$cDRT$j501092
=859  \\$aXLD$bEThOS
=CAT  \\$aETHOSBKLG$b00$c20111010$lBLL01$h1533
=CAT  \\$aETHOSBKLG$c20111010$lBLL01$h1606
=CAT  \\$aETHOSBKLG$c20111010$lBLL01$h1630
=CAT  \\$aBATCH$b00$c20111010$lBLL01$h1818
=CAT  \\$a5883$b40$c20120330$lBLL01$h1150
=CAT  \\$aBATCH-UPD$b40$c20121030$lBLL01$h1022
=CAT  \\$aWR13.117$c20130727$lBLL01$h2005
=CAT  \\$aWR13.144/5$c20140418$lBLL01$h1024
=CAT  \\$aBATCH-ETH8$c20170506$lBLL01$h1039
=DRT  \\$aETHOS
=FIN  \\$aY$d20111010
=FMT  \\$a  BK
=LAS  \\$aBATCH-ETH8$b00$c20170506$lBLL01$h1039
=SRC  \\$aEThOS$bethos_marc_111007.mrc
=STA  \\$aSUPPRESSED$bEThOS can't supply or embargoed

