=LDR  04290 am a22004577i 4500
=001  015912739
=003  Uk
=005  20111010153341.0
=006  m\\\\\\\\d\\\\\\\\
=007  cr\|||||||||||
=008  101031s2009\\\\xxk\\\\\sbm\\\000\0\eng\\
=040  \\$aUk$beng$cUk
=082  14$a616.2$215
=100  1\$aNuseibeh, Samir.
=245  10$aModulation of mucin expression in respiratory epithelial cells$h[electronic resource] :$beffect of ErbB receptor tyrosine kinase inhibitors.
=260  \\$bImperial College London,$c2009.
=300  \\$a254 p. :$bdigital, PDF file.
=336  \\$atext$2rdacontent
=337  \\$acomputer$2rdamedia
=338  \\$aonline resource$2rdacarrier
=502  \\$aThesis (Ph.D.)--Imperial College London, 2009.
=504  \\$aIncludes bibliographical references.
=520  3\$aSecretion of mucins (e.g. MUC5AC) by the airway epithelium into the respiratory tract mucus layer is an important homeostatic mechanism which safeguards the lung from invasive pathogens and harmful particles. Airway mucus hypersecretion features in the pathophysiology of inflammatory-based airway diseases such as chronic obstructive pulmonary disease (COPD) and asthma. Signalling of the ErbB receptor tyrosine kinase subfamily, particularly the ErbB1 and ErbB2 receptor subtypes, has been implicated in the process of airway mucus hypersecretion, and upregulation of ErbB1 receptor occurs in the lungs of asthmatics, COPD sufferers, and cigarette smokers. Thus, ErbB receptor tyrosine kinase inhibitors (RTKIs) offer a potential treatment for airway mucus hypersecretion. This thesis studied the effects of five such inhibitors; an ErbB1, an ErbB2, and three dual ErbB1+B2 inhibitors, in an in vitro system of mucin synthesis using NCI-H292 cells - a carcinoma-based lung epithelial cell line. After pharmacological characterisation of the NCI-H292 cell in vitro system, Taqman RT-qPCR was used to measure the effect of the five inhibitors on EGF-induced MUC5AC mRNA expression (as a marker of mucin synthesis). The effect of the five ErbB RTKIs on cell proliferation was also measured (as a positive control) by analysing DNA synthesis. All five inhibitors attenuated DNA synthesis with similar potencies suggesting all drugs were pharmacologically active, but only the single ErbB1 RTK inhibitor attenuated EGF-induced MUC5AC mRNA expression. To address the discrepancy in pharmacological activity between the five ErbB RTKIs, activity of the ERK1/2-dependent signal pathway involved in ErbB receptor-mediated MUC5AC synthesis was analysed by measuring ErbB receptor autophosphorylation (measuring phosphorylation of four specific tyrosine residues involved in ERK1/2 induction) and ERK1/2 phosphorylation by Western blot or ELISA. Although all five ErbB RTKI compounds inhibited ErbB1 and ErbB2 receptor autophosphorylation to some extent (particularly at 10 μM), only the single ErbB1 RTK inhibitor convincingly inhibited autophosphorylation of all four tyrosine residues implicated in ERK1/2 signalling. Most importantly, the single ErbB1 RTK inhibitor was the only inhibitor to block downstream phosphorylation of ERK1/2. The reason for the varying potencies exhibited by the five ErbB1 RTK inhibitors was unclear but most likely reflects a difference in the pharmacological properties (for example, the receptor dissociation rate) of each compound. These data indicate that selective ErbB1 RTK inhibitors would be of therapeutic benefit for the airway mucus hypersecretion of asthma and COPD.
=538  \\$aMode of access: World Wide Web.
=710  2\$aImperial College, London.
=852  4\$aBritish Library$bDSC$cDRT$j501187
=859  \\$aXLD$bEThOS
=CAT  \\$aETHOSBKLG$b00$c20111010$lBLL01$h1533
=CAT  \\$aETHOSBKLG$c20111010$lBLL01$h1606
=CAT  \\$aETHOSBKLG$c20111010$lBLL01$h1630
=CAT  \\$aBATCH$b00$c20111010$lBLL01$h1818
=CAT  \\$aBATCH-UPD$b00$c20121030$lBLL01$h1022
=CAT  \\$aWR13.117$c20130727$lBLL01$h2005
=CAT  \\$aWR13.144/5$c20140418$lBLL01$h1024
=CAT  \\$aBATCH-ETHO$b00$c20160102$lBLL01$h0143
=DRT  \\$aETHOS
=FIN  \\$aY$d20111010
=FMT  \\$a  BK
=LAS  \\$aBATCH-ETHO$b00$c20160102$lBLL01$h0143
=SRC  \\$aEThOS$bethos_marc_111007.mrc
=STA  \\$aSUPPRESSED$bEThOS can't supply or embargoed

