=LDR  03812 am a22004577i 4500
=001  015912741
=003  Uk
=005  20111010153341.0
=006  m\\\\\\\\d\\\\\\\\
=007  cr\|||||||||||
=008  101031s2009\\\\xxk\\\\\sbm\\\000\0\eng\\
=040  \\$aUk$beng$cUk
=082  14$a616.2$215
=100  1\$aNeighbour, Helen.
=245  10$aNasal and whole blood challenge models for allergic rhinitis and COPD$h[electronic resource].
=260  \\$bImperial College London,$c2009.
=300  \\$a293 p. :$bdigital, PDF file.
=336  \\$atext$2rdacontent
=337  \\$acomputer$2rdamedia
=338  \\$aonline resource$2rdacarrier
=502  \\$aThesis (Ph.D.)--Imperial College London, 2009.
=504  \\$aIncludes bibliographical references.
=520  3\$aNasal allergen challenge (NAC) is a non-invasive model to study the mechanism of allergic rhinitis and effects of novel anti-inflammatory therapies. The repeatability and dose response of a single NAC was studied, followed by development of a daily repeat NAC model involving 4 challenges on consecutive days. However, the results of earlier published work could not be reproduced, since in nasal filter paper (FILT P) eluate in both studies there were no significant changes in levels of interleukin (IL)-4, IL-5 and IL-13. However the daily repeat NAC model did cause priming in terms of symptoms, eosinophils, and nasal lavage IL-5 and IL-13. Proposals were made for implementation of a synthetic absorptive matrix (SAM) as an alternative to Whatman's FILT P and also to deliver higher doses of allergen to the nose. Using SAM resulted in high serial levels of IL-4, IL-5 and IL-13 being detected in SAM eluates during the late phase after NAC (appendix). In cigarette smokers I requested subjects to exhale cigarette smoke through their noses, to provide a nasal cigarette smoke challenge method. FILT P is likely to distort detected levels of mediators in nasal secretions, but in FILT P eluates there were statistically significant elevations of IL-8 (p=0.01) and IL- 12p70 (p=0.02) at baseline in Chronic Obstructive Pulmonary Diseae (COPD) patients. However there were increases in nasal lavage MCP-1 at 8h in COPD patients and healthy controls following cigarette smoke (p=0.02). A cigarette smoke conditioned medium (CSCM) was employed to stimulate whole blood upregulation of CD11 b measured by flow cytometry on leukocytes. CSCM caused upregulation of neutrophil CD11 b, but this could not be inhibited by anti-oxidants. In contrast, menadione (MQ) stimulates intracellular generation of oxidants, and this caused neutrophil CD11 b upregulation that was inhibited by glutathione. Xanthine with xanthine oxidase (X+XO) generates an extracellular source of oxidants, and this caused an increase in neutrophil CD11 b on washed blood cells, that could also be inhibited by glutathione. NAC or cigarette smoke nasal challenge, as well as stimulation of human whole blood with oxidants, have potential as challenge models - but SAM should be used instead of FILT P.
=538  \\$aMode of access: World Wide Web.
=710  2\$aImperial College, London.
=852  4\$aBritish Library$bDSC$cDRT$j501189
=859  \\$aXLD$bEThOS
=CAT  \\$aETHOSBKLG$b00$c20111010$lBLL01$h1533
=CAT  \\$aETHOSBKLG$c20111010$lBLL01$h1606
=CAT  \\$aETHOSBKLG$c20111010$lBLL01$h1630
=CAT  \\$aBATCH$b00$c20111010$lBLL01$h1818
=CAT  \\$aBATCH-UPD$b00$c20121030$lBLL01$h1022
=CAT  \\$aWR13.117$c20130727$lBLL01$h2005
=CAT  \\$aWR13.144/5$c20140418$lBLL01$h1024
=CAT  \\$aBATCH-ETHO$b00$c20160102$lBLL01$h0143
=DRT  \\$aETHOS
=FIN  \\$aY$d20111010
=FMT  \\$a  BK
=LAS  \\$aBATCH-ETHO$b00$c20160102$lBLL01$h0143
=SRC  \\$aEThOS$bethos_marc_111007.mrc
=STA  \\$aSUPPRESSED$bEThOS can't supply or embargoed

