=LDR  03957 am a22004577i 4500
=001  015912750
=003  Uk
=005  20111010153341.0
=006  m\\\\\\\\d\\\\\\\\
=007  cr\|||||||||||
=008  101031s2009\\\\xxk\\\\\sbm\\\000\0\eng\\
=040  \\$aUk$beng$cUk
=082  14$a636.2$215
=100  1\$aAmeni, Gobena.
=245  10$aEpidemiology and immuno-pathology of bovine tuberculosis in Bos indicus and Bos taurus cattle in Ethiopia$h[electronic resource].
=260  \\$bImperial College London,$c2009.
=300  \\$a260 p. :$bdigital, PDF file.
=336  \\$atext$2rdacontent
=337  \\$acomputer$2rdamedia
=338  \\$aonline resource$2rdacarrier
=502  \\$aThesis (Ph.D.)--Imperial College London, 2009.
=504  \\$aIncludes bibliographical references.
=520  3\$aA comparative study was conducted on the immunology, pathology, and epidemiology of bovine tuberculosis (TB) between 2004 and 2008 in Bos indicus (Arsi zebu) and Bos taurus (Holstein) in Ethiopia. A total of 153 cattle were used for immunological and pathological studies while 5,924 (500 from intensive farm and 5,424 from pasture) cattle were used for epidemiological studies. Comparative intradermal tuberculin (CIDT) test, gamma interferon (IFN-γ) test, lateral flow assay, multiple antigen print assay, enzyme-linked immuno-spot assay, interleukin-4 (IL-4) and IL-10 assays were used. IFN- γ responses to mycobacterial antigens were higher (for all: P<0.05) in Holstein than in Arsi zebu. But both breeds exhibited similar T cell and antibody specificities to mycobacterial antigens. Holstein kept indoors produced higher IFN-γ responses (for all: P<0.001) to mycobacterial antigens than those kept on pasture. Pathology of bovine TB was more severe (P<0.05) in Holsteins than in Arsi zebus as well as in Holsteins kept indoors (P<0.001) than in those kept on pasture. Pathology was localised in the digestive tract in cattle kept on pasture while it was localised in the respiratory tract in cattle kept indoors. At a cut-off >2mm, the sensitivity of CIDT was 69% (95% CI=58.5%, 79%) while it was 59% (95%CI = 49%, 69%) at a cut-off >4mm. Its specificity at both cut-off points was 97% (95%CI=89%, 100%). At cut-off >4mm, the apparent prevalence was 13.5% while it was 16.0% at cut-off >2mm, and was higher in Holstein than in Arsi zebus both at a cut-off >4mm (P<0.001) and cut-off >2mm (P<0.001). The true prevalence at a cut-off >4mm was 18.5% while it was 19.6% at a cut-off >2mm. In grazing cattle, of the total 40 isolates, 12 were specified as M. tuberculosis, 7 were M. avium subspecies while only a single isolate was M. bovis while in intensive husbandry, all the isolates (41) were confirmed to be a single strain of M. bovis (SB1176). All the strains of M. tuberculosis isolated from cattle had similar patterns with M. tuberculosis strains isolated from farmers in the area. In conclusion, Holsteins exhibited higher T cell responses to mycobacterial antigens, and higher prevalence and more severe pathology of bovine TB as compared to Arsi zebus. Besides, the results of this study suggest the transmission of M. tuberculosis between farmers and their cattle.
=538  \\$aMode of access: World Wide Web.
=710  2\$aImperial College, London.
=852  4\$aBritish Library$bDSC$cDRT$j501198
=859  \\$aXLD$bEThOS
=CAT  \\$aETHOSBKLG$b00$c20111010$lBLL01$h1533
=CAT  \\$aETHOSBKLG$c20111010$lBLL01$h1606
=CAT  \\$aETHOSBKLG$c20111010$lBLL01$h1630
=CAT  \\$aBATCH$b00$c20111010$lBLL01$h1818
=CAT  \\$aBATCH-UPD$b00$c20121030$lBLL01$h1022
=CAT  \\$aWR13.117$c20130727$lBLL01$h2005
=CAT  \\$aWR13.144/5$c20140418$lBLL01$h1024
=CAT  \\$aBATCH-ETHO$b00$c20161002$lBLL01$h0128
=DRT  \\$aETHOS
=FIN  \\$aY$d20111010
=FMT  \\$a  BK
=LAS  \\$aBATCH-ETHO$b00$c20161002$lBLL01$h0128
=SRC  \\$aEThOS$bethos_marc_111007.mrc
=STA  \\$aSUPPRESSED$bEThOS can't supply or embargoed

