=LDR  03830 am a22004577i 4500
=001  015912761
=003  Uk
=005  20111010153342.0
=006  m\\\\\\\\d\\\\\\\\
=007  cr\|||||||||||
=008  101031s2009\\\\xxk\\\\\sbm\\\000\0\eng\\
=040  \\$aUk$beng$cUk
=082  14$a616.2$215
=100  1\$aMann, Bhupinder Singh.
=245  10$aPeripheral blood neutrophil activasion markers in severe corticosteriod-dependant asthmatics, and the effect of prednisolone$h[electronic resource].
=260  \\$bImperial College London,$c2009.
=300  \\$a262 p. :$bdigital, PDF file.
=336  \\$atext$2rdacontent
=337  \\$acomputer$2rdamedia
=338  \\$aonline resource$2rdacarrier
=502  \\$aThesis (M.D.)--Imperial College London, 2009.
=504  \\$aIncludes bibliographical references.
=520  3\$aBackground: Severe asthmatics have increased numbers of airway neutrophils compared to mild asthmatics, and blood neutrophils may be activated in asthmatics. Activated neutrophils may contribute to airway inflammation and tissue damage. Hypothesis: Activation of both eosinophils and neutrophils is important in severe asthmatics, through enhancement of mediator release. The effect of corticosteroids on inhibition of neutrophils from severe asthma may be attenuated. Patients with severe allergic asthma may respond to anti-IgE monoclonal antibody treatment. Methods: The level of expression of baseline and stimulated blood neutrophil surface markers was investigated in severe corticosteroid-dependent asthmatics and compared to normal subjects and milder asthmatics. The effect of adding or increasing maintenance oral prednisolone (30mg/day for one week), on surface molecules, IL-8 and myeloperoxidase levels, neutrophil elastase and oxidative burst in blood was also studied. The level of expression and effect of corticosteroids on histone deacetylase (HDAC) activity from asthmatics was studied. The immediate effect of inhaled fluticasone propionate was also investigated, along with the efficacy of subcutaneous anti-IgE therapy. Results: CD35 and CD11b expression was increased in neutrophils from severe asthmatics compared to normal subjects. Prednisolone inhibited surface marker expression, oxidative burst and IL-8 release from mild but not severe asthmatics. HDAC activity was reduced in alveolar macrophages compared to PBMCs in asthmatics. Prednisolone increased HDAC activity in PBMCs from mild, but not severe asthmatics. HDAC activity was generally reduced in granulocytes compared with PBMCs. Inhaled fluticasone reduced exhaled nitric oxide levels in moderate asthmatics at four hours. Subcutaneous administration of anti-IgE therapy was well tolerated and decreased high affinity IgE receptor levels on basophils and monocytes during treatment. Conclusion: Peripheral blood neutrophils from severe asthmatics show a higher state of activation than normal subjects, and show loss of inhibitory corticosteroid response. Potential alternative treatments for severe asthma include anti-IgE antibody therapy.
=538  \\$aMode of access: World Wide Web.
=710  2\$aImperial College, London.
=852  4\$aBritish Library$bDSC$cDRT$j501209
=859  \\$aXLD$bEThOS
=CAT  \\$aETHOSBKLG$b00$c20111010$lBLL01$h1533
=CAT  \\$aETHOSBKLG$c20111010$lBLL01$h1606
=CAT  \\$aETHOSBKLG$c20111010$lBLL01$h1630
=CAT  \\$aBATCH$b00$c20111010$lBLL01$h1818
=CAT  \\$aBATCH-UPD$b00$c20121030$lBLL01$h1022
=CAT  \\$aWR13.117$c20130727$lBLL01$h2005
=CAT  \\$aWR13.144/5$c20140418$lBLL01$h1024
=CAT  \\$aBATCH-ETHO$b00$c20160102$lBLL01$h0143
=DRT  \\$aETHOS
=FIN  \\$aY$d20111010
=FMT  \\$a  BK
=LAS  \\$aBATCH-ETHO$b00$c20160102$lBLL01$h0143
=SRC  \\$aEThOS$bethos_marc_111007.mrc
=STA  \\$aSUPPRESSED$bEThOS can't supply or embargoed

