=LDR  03682 am a22004577i 4500
=001  015912764
=003  Uk
=005  20111010153342.0
=006  m\\\\\\\\d\\\\\\\\
=007  cr\|||||||||||
=008  101031s2009\\\\xxk\\\\\sbm\\\000\0\eng\\
=040  \\$aUk$beng$cUk
=082  14$a616.07$215
=100  1\$aSivarajah, Vinothini.
=245  10$aEvaluation of NMR spectroscopy and liquid chromatography-mass spectometry (LC-MS) as analytical platforms for human metabolic phenotyping$h[electronic resource].
=260  \\$bImperial College London,$c2009.
=300  \\$a307 p. :$bdigital, PDF file.
=336  \\$atext$2rdacontent
=337  \\$acomputer$2rdamedia
=338  \\$aonline resource$2rdacarrier
=502  \\$aThesis (Ph.D.)--Imperial College London, 2009.
=504  \\$aIncludes bibliographical references.
=520  3\$aThis thesis evaluates the ability of ¹H nuclear magnetic resonance (NMR) spectroscopic and ultra performance liquid chromatography-mass spectrometry (UPLC-MS) strategies to extract latent biochemical information from complex biofluid matrices from animal models and humans. ¹H NMR spectroscopy was applied to urine samples to investigate time-dependent biochemical changes in acid-base balance studies of metabolic alkalosis and metabolic acidosis and in a study of caloric restriction in order to establish normal physiological variation in organic acids including tricarboxylic acid (TCA) cycle intermediates. A method for profiling organic acids in human urine was developed, optimised and validated using UPLC-MS and then applied to targeted and untargeted metabolic profiling. A combined approach using both techniques was then applied in order to assess the relative efficiencies and merits of ¹H NMR spectroscopy and UPLC-MS for diagnosis of unknown inborn errors of metabolism (IEM) diseases using human urine samples in a blind fashion. Both NMR and UPLC-MS analytical platforms detected and identified all of the IEM correctly and revealed complementary biochemical information from IEM and controls. This evaluation was further extended and scaled up to assess the capability of the technologies for extracting latent biological information from urine samples collected in a large human population study. Chemometric methods such as Principal Component Analysis (PCA) and Orthogonal Projection to Latent Structure Discriminant Analysis (O-PLS-DA) were used to interpret and compare the two spectroscopic data types. These statistical methodologies allowed the detection of population specific biomarkers and the establishment of key metabolic phenotype differences in selected populations. In particular, both analytical approaches were able to discriminate Icelandic participants from other populations. The methods developed as part of this project should prove useful in widespread metabonomic applications in pharmaceutical and disease related areas.
=538  \\$aMode of access: World Wide Web.
=710  2\$aImperial College, London.
=852  4\$aBritish Library$bDSC$cDRT$j501212
=859  \\$aXLD$bEThOS
=CAT  \\$aETHOSBKLG$b00$c20111010$lBLL01$h1533
=CAT  \\$aETHOSBKLG$c20111010$lBLL01$h1606
=CAT  \\$aETHOSBKLG$c20111010$lBLL01$h1630
=CAT  \\$aBATCH$b00$c20111010$lBLL01$h1818
=CAT  \\$aBATCH-UPD$b00$c20121030$lBLL01$h1022
=CAT  \\$aWR13.117$c20130727$lBLL01$h2005
=CAT  \\$aWR13.144/5$c20140418$lBLL01$h1024
=CAT  \\$aBATCH-ETHO$b00$c20161002$lBLL01$h0128
=DRT  \\$aETHOS
=FIN  \\$aY$d20111010
=FMT  \\$a  BK
=LAS  \\$aBATCH-ETHO$b00$c20161002$lBLL01$h0128
=SRC  \\$aEThOS$bethos_marc_111007.mrc
=STA  \\$aSUPPRESSED$bEThOS can't supply or embargoed

