=LDR  03568 am a22004697a 4500
=001  015912971
=003  Uk
=005  20120209093605.0
=006  m\\\\\\\\d\\\\\\\\
=007  cr\|||||||||||
=008  111010s2009\\\\enk\\\\\sbm\\\000\0\eng\\
=040  \\$aUk$beng$cUk$dUk
=082  04$a660.2812$223
=100  1\$aCheung, Kwok Yuen.
=245  10$aSite-wide and supply chain optimisation for continuous chemical processes$h[electronic resource] /$cKwok Yuen Cheung.
=260  \\$aLondon :$bImperial College, London,$c2009.
=300  \\$a1 online resource.
=336  \\$atext$2rdacontent
=337  \\$acomputer$2rdamedia
=338  \\$aonline resource$2rdacarrier
=502  \\$aThesis (Ph.D.)--University of London, 2009.
=504  \\$aIncludes bibliographical references.
=520  3\$aPetrochemical manufacturing is a typical example of a continuous chemical process, which usually involves several interconnected process units. The unit interactions introduce many degrees of freedom for process operation, and also complicate supply chain management. Optimisation is therefore brought in to support decision-making on both process operation and supply chain aspects. In order to enhance operational feasibility and model accuracy, the optimisation should in principle be executed directly in a site-wide fashion and employing igorous process representations. This however results in an extremely large-scale site-wide model. This hinders the continuous process from obtaining the utmost benefit from the optimisation. This thesis hence aims to remove the obstacle by developing a practical direct optimisation method for site-wide supply chain problems. The thesis employed an ethylene process as an example of a continuous process for the solution method development. Based on the process, four types of problems with different complexities were established. They are (i) single-site single-period; (ii) single-site multi-period; (iii) multi-site single-period and (iv) multi-site multi-period. A novel direct optimisation technique, namely gPROMS-Based Application (gBA) Approach, was developed and examined using the example problems. It overcame the difficulty of the large problem size by separating the optiser from the process simulator, gPROMS. This allowed gPROMS to simulate each site and each period in the supply chain one-by-one, and send the required information to the optimiser individually. This avoided computer memory shortage problems, which could be triggered by a simultans optimisation ot the complete supply chain. Other solution approaches were also investigated in the thesis to compare with the gBA approach. For example, Successive Linear Programming (SLP) was used for the single-site single-period problem.
=538  \\$aMode of access: World Wide Web.
=710  2\$aImperial College, London.
=852  4\$aBritish Library$bDSC$cDRT$j501426
=859  \\$aXLD$bEThOS
=CAT  \\$aETHOSBKLG$b00$c20111010$lBLL01$h1533
=CAT  \\$aETHOSBKLG$c20111010$lBLL01$h1606
=CAT  \\$aETHOSBKLG$c20111010$lBLL01$h1630
=CAT  \\$aBATCH$b00$c20111010$lBLL01$h1818
=CAT  \\$a6491$b40$c20120209$lBLL01$h0936
=CAT  \\$aBATCH-UPD$b40$c20121030$lBLL01$h1022
=CAT  \\$aWR13.117$c20130727$lBLL01$h2005
=CAT  \\$aWR13.144/5$c20140418$lBLL01$h1024
=CAT  \\$aBATCH-ETH8$c20170506$lBLL01$h1039
=DRT  \\$aETHOS
=FIN  \\$aY$d20111010
=FMT  \\$a  BK
=LAS  \\$aBATCH-ETH8$b00$c20170506$lBLL01$h1039
=SRC  \\$aEThOS$bethos_marc_111007.mrc
=STA  \\$aSUPPRESSED$bEThOS can't supply or embargoed

