=LDR  03358 am a22004577a 4500
=001  015914234
=003  Uk
=005  20111010153356.0
=006  m\\\\\\\\d\\\\\\\\
=007  cr\|||||||||||
=008  101031s2009\\\\xxk\\\\\sbm\\\000\0\eng\\
=040  \\$aUk$beng$cUk
=082  04$a616.2$223
=100  1\$aTaylor, Abigail Elizabeth.
=245  10$aMacrophage phagocytosis in chronic obstructive pulmonary disease$h[electronic resource].
=260  \\$bImperial College London,$c2009.
=300  \\$ap. :$bdigital, PDF file.
=336  \\$atext$2rdacontent
=337  \\$acomputer$2rdamedia
=338  \\$aonline resource$2rdacarrier
=502  \\$aThesis (Ph.D.)--Imperial College London, 2009.
=504  \\$aIncludes bibliographical references.
=520  3\$aThe hypothesis examined in this thesis stated that macrophages from COPD subjects are defective in their ability to phagocytose. To investigate this hypothesis, engulfment by COPD macrophages was compared to that of cells from controls (smokers without COPD and non-smokers). Phagocytosis of polystyrene beads by monocytes-derived-macrophages (MDM) was comparable to that of alveolar macrophages, thus validating the MDM model. There was no difference in uptake of beads by any subject group, however, COPD MDM phagocytosed significantly less E. coli, H. influenzae and S. pneumoniae than cells from controls. This was not due to current medications as commonly prescribed therapies did not reduce phagocytosis of these bacteria. To identify the mechanism of this defeat, cytoskeletal arrangement was investigated. Actin polymerisation was not altered by disease, but COPD MDM had a greater susceptibility to microtubule disruptors and reduced levels of acetylated tubulin compared to control cells. Increasing microtubule acetylation enhanced uptake of H. influenzae, suggesting that this may be a novel mechanism for improving phagocytosis. Other mechanisms investigated included sphingosine-1-phosphate (S1P) signalling, as production of this molecule was increased by COPD MDM and inhibition of S1P signalling cascade increased uptake of H. influenzae. Microarray analysis demonstrated that following exposure to H. influenzae, COPD MDM expressed significantly more inflammatory genes than control cells, suggesting that these macrophages respond differently to bacteria. These findings suggest that COPD macrophages have a reduced phagocytic ability, which may result in bacterial colonisation, inflammation and exacerbations. Improving this macrophage function would offer therapeutic potential in this disease.
=538  \\$aMode of access: World Wide Web.
=710  2\$aImperial College, London.
=852  4\$aBritish Library$bDSC$cDRT$j502902
=859  \\$aXLD$bEThOS
=CAT  \\$aETHOSBKLG$b00$c20111010$lBLL01$h1533
=CAT  \\$aETHOSBKLG$c20111010$lBLL01$h1606
=CAT  \\$aETHOSBKLG$c20111010$lBLL01$h1630
=CAT  \\$aBATCH$b00$c20111010$lBLL01$h1819
=CAT  \\$aBATCH-UPD$b00$c20121030$lBLL01$h1022
=CAT  \\$aWR13.117$c20130727$lBLL01$h2006
=CAT  \\$aWR13.144/5$c20140418$lBLL01$h1025
=CAT  \\$aBATCH-ETHO$b00$c20140502$lBLL01$h0138
=DRT  \\$aETHOS
=FIN  \\$aY$d20111010
=FMT  \\$a  BK
=LAS  \\$aBATCH-ETHO$b00$c20140502$lBLL01$h0138
=SRC  \\$aEThOS$bethos_marc_111007.mrc
=STA  \\$aSUPPRESSED$bEThOS can't supply or embargoed

