=LDR  03469 am a22004577a 4500
=001  015915070
=003  Uk
=005  20111010153404.0
=006  m\\\\\\\\d\\\\\\\\
=007  cr\|||||||||||
=008  101031s2009\\\\xxk\\\\\sbm\\\000\0\eng\\
=040  \\$aUk$beng$cUk
=082  04$a617$223
=100  1\$aLee, Alex Chi Hang.
=245  10$aErgonomics of the operative field in paediatric minimal access surgery$h[electronic resource].
=260  \\$bImperial College London,$c2009.
=300  \\$ap. :$bdigital, PDF file.
=336  \\$atext$2rdacontent
=337  \\$acomputer$2rdamedia
=338  \\$aonline resource$2rdacarrier
=502  \\$aThesis (Ph.D.)--Imperial College London, 2009.
=504  \\$aIncludes bibliographical references.
=520  3\$aThis thesis studies the physical and sensorial aspects of surgical ergonomics in relation to paediatric MAS. The aims of the project are to optimise the choice of instrument size, to evaluate alternative illumination sources in paediatric MAS, and to investigate the role of shadows in potentially assisting visual perception in MAS. The ergonomic limitation of the small size of the endoscopic operative field is evaluated and a paediatric simulator is developed using anthropometric data from healthy infants to provide the experimental workspace for ergonomic studies. A study on the effect of the size of instruments on paediatric endoscopic intra-corporeal knot tying shows that using smaller instruments results in faster performance and less discomfort for the surgeon without compromising knot quality, suggesting that smaller instruments should therefore be used when operating on infants. The development of solid-state semiconductor lighting technology as an alternative to the conventional arc-lamp light source is discussed. A light-emitting diode (LED) based endoscopic illumination system, the LED endo-illuminator, is developed with favourable characteristics and fine details recognition is shown to be better compared to the conventional illumination methods. A study on distance estimation in static images does not show that the presence of endoscopic shadows improves depth perception. A further experiment shows that when the light source moves, the resultant shadow movements can give conflicting information to the viewer in the interpretation of the endoscopic scene. Therefore the light source should be stationary if endoscopic shadow is produced in the MAS illumination system. A laser-based illumination system is also developed and proof-of-concept tests show promising characteristics. Its low intensity precludes its use in large cavities but would suit the small endoscopic field in paediatric MAS.
=538  \\$aMode of access: World Wide Web.
=710  2\$aImperial College, London.
=852  4\$aBritish Library$bDSC$cDRT$j503820
=859  \\$aXLD$bEThOS
=CAT  \\$aETHOSBKLG$b00$c20111010$lBLL01$h1534
=CAT  \\$aETHOSBKLG$c20111010$lBLL01$h1606
=CAT  \\$aETHOSBKLG$c20111010$lBLL01$h1630
=CAT  \\$aBATCH$b00$c20111010$lBLL01$h1819
=CAT  \\$aBATCH-UPD$b00$c20121030$lBLL01$h1022
=CAT  \\$aWR13.117$c20130727$lBLL01$h2006
=CAT  \\$aWR13.144/5$c20140418$lBLL01$h1025
=CAT  \\$aBATCH-ETHO$b00$c20140502$lBLL01$h0138
=DRT  \\$aETHOS
=FIN  \\$aY$d20111010
=FMT  \\$a  BK
=LAS  \\$aBATCH-ETHO$b00$c20140502$lBLL01$h0138
=SRC  \\$aEThOS$bethos_marc_111007.mrc
=STA  \\$aSUPPRESSED$bEThOS can't supply or embargoed

