=LDR  03017 am a22004577a 4500
=001  015915097
=003  Uk
=005  20111010153405.0
=006  m\\\\\\\\d\\\\\\\\
=007  cr\|||||||||||
=008  101031s2009\\\\xxk\\\\\sbm\\\000\0\eng\\
=040  \\$aUk$beng$cUk
=082  04$a616.8$223
=100  1\$aCasula, Maria Anna.
=245  10$aNovel ion channels in neurogenic pain$h[electronic resource].
=260  \\$bImperial College London,$c2009.
=300  \\$ap. :$bdigital, PDF file.
=336  \\$atext$2rdacontent
=337  \\$acomputer$2rdamedia
=338  \\$aonline resource$2rdacarrier
=502  \\$aThesis (Ph.D.)--Imperial College London, 2009.
=504  \\$aIncludes bibliographical references.
=520  3\$aIt was hypothesized that modulation of expression of sensory ion channels and receptors by disease or trauma results in spontaneous or ectopic discharges, mediated mainly via sodium channels, and hypersensitivity of nerve terminals, mainly via receptors of the TRP family and the purinoceptor P2X7. Sensory neurons and characterised tissues were studied, using immunocytochemistry, in common clinical chronic pain states. The key novel findings are: (1) TRPVI is the most selective pain target of the TRP family - it is abundant in pelvic afferents, and TRPV1-positive fibres are increasd in vulvodynia; TRPV1 blockade may be particularly effective in visceral hypersensitivity. Studies in cultured human sensory neurons demonstrate that Nerve Growth Factor and other neurotrophic factors may regulate the increased expression of TRPV1; (2) P2X₇ receptor levels were increased in painful injured human nerves. In mice with a disrupted P2X₇ gene, inflammatory and neuropathic hyperalgesia was completely absent. P2X₇ receptor appears pivotal in chronic inflammatory and neuropathic sensitization to noxious stimuli, and (3) there is an up-regulation of the β3 subunit which modulates sodium channel activation, in human peripheral nerves after injury, and thus represents a novel selective target for spontaneous pain. In conclusion, multiple molecular mechanisms are thus involved in pain states, and strategies which combine drugs aimed at these targets may be necessary for improved clinical efficacy.
=538  \\$aMode of access: World Wide Web.
=710  2\$aImperial College, London.
=852  4\$aBritish Library$bDSC$cDRT$j503848
=859  \\$aXLD$bEThOS
=CAT  \\$aETHOSBKLG$b00$c20111010$lBLL01$h1534
=CAT  \\$aETHOSBKLG$c20111010$lBLL01$h1606
=CAT  \\$aETHOSBKLG$c20111010$lBLL01$h1630
=CAT  \\$aBATCH$b00$c20111010$lBLL01$h1819
=CAT  \\$aBATCH-UPD$b00$c20121030$lBLL01$h1022
=CAT  \\$aWR13.117$c20130727$lBLL01$h2006
=CAT  \\$aWR13.144/5$c20140418$lBLL01$h1025
=CAT  \\$aBATCH-ETHO$b00$c20140502$lBLL01$h0138
=DRT  \\$aETHOS
=FIN  \\$aY$d20111010
=FMT  \\$a  BK
=LAS  \\$aBATCH-ETHO$b00$c20140502$lBLL01$h0138
=SRC  \\$aEThOS$bethos_marc_111007.mrc
=STA  \\$aSUPPRESSED$bEThOS can't supply or embargoed

