=LDR  03642 am a22004817a 4500
=001  015915920
=003  Uk
=005  20111118112057.0
=006  m\\\\\\\\d\\\\\\\\
=007  cr\|||||||||||
=008  111010s2008\\\\enk\\\\\sbm\\\000\0\eng\\
=040  \\$aUk$beng$cUk$dUk
=082  04$a621.31244$223
=100  1\$aLynch, Marianne Catherine.
=245  10$aModelling and optimisation of single junction strain balanced quantum well solar cells$h[electronic resource] /$cMarianne Catherine Lynch.
=260  \\$aLondon :$bImperial College, London,$c2008.
=300  \\$a1 online resource.
=336  \\$atext$2rdacontent
=337  \\$acomputer$2rdamedia
=338  \\$aonline resource$2rdacarrier
=502  \\$aThesis (Ph.D.)--University of London, 2008.
=504  \\$aIncludes bibliographical references.
=520  3\$aIn an attempt to find the optimum number of wells for maximum conversion efficiency a pair of otherwise identical strain balanced samples, one containing 50 wells and the other 65 wells have been characterised. The 65 well sample is found to possess a lower predicted efficiency than the 50 well sample, suggesting that the optimum well number lies between these values. Devices grown using tertiary butyl arsine (TBAs) are found to possess comparable conversion efficiencies to the control cells grown using arsine and slightly superior dark IV characteristics, indicating that TBAs may be substituted for arsine without loss of device efficiency and may even be beneficial to cell performance. Several fundamental refinements to the existing quantum efficiency model of are explored. Firstly, expressions for the strained band gaps are derived. A value for the conduction band offset is . determined using the difference in energy between the heavy and light hole exciton peaks in low temperature photo current scans and found to be 0.55Â±0.03. The magnitude of the el-hhl exciton binding energy is also estimated from these scans and found to be in excellent agreement with the value obtained from a simple, parameterized expression for the exciton binding energy. Finally, an absolute calculation for the absorption coefficient is incorporated into the quantum efficiency model and values for the heavy and light hole in-planes masses are obtained. The model is found to underestimate the level of absorption in the intrinsic region by an amount consistent with estimates of the magnitude of the reflection from the back surface. The conversion efficiency of a sample predicted using SOL is compared to an independently obtained value. Good agreement is observed between the two results (25.3% and 25.7% for 317 suns AM1.5D). Additionally, an optimum structure for illumination by the AM1.5D spectrum was found to be a 120A well of Ino.lGaAs.
=538  \\$aMode of access: World Wide Web.
=710  2\$aImperial College, London.
=852  4\$aBritish Library$bDSC$cDRT$j504747
=859  \\$aXLD$bEThOS
=CAT  \\$aETHOSBKLG$b00$c20111010$lBLL01$h1534
=CAT  \\$aETHOSBKLG$c20111010$lBLL01$h1607
=CAT  \\$aETHOSBKLG$c20111010$lBLL01$h1630
=CAT  \\$aBATCH$b00$c20111010$lBLL01$h1820
=CAT  \\$a6491$b40$c20111118$lBLL01$h1119
=CAT  \\$a6491$b40$c20111118$lBLL01$h1120
=CAT  \\$aBATCH-UPD$b40$c20121030$lBLL01$h1022
=CAT  \\$aWR13.117$c20130727$lBLL01$h2006
=CAT  \\$aWR13.144/5$c20140418$lBLL01$h1025
=CAT  \\$aBATCH-ETH8$c20170506$lBLL01$h1039
=DRT  \\$aETHOS
=FIN  \\$aY$d20111118
=FMT  \\$a  BK
=LAS  \\$aBATCH-ETH8$b00$c20170506$lBLL01$h1039
=SRC  \\$aEThOS$bethos_marc_111007.mrc
=STA  \\$aSUPPRESSED$bEThOS can't supply or embargoed

