=LDR  03592 am a22004697a 4500
=001  015915927
=003  Uk
=005  20111010153413.0
=006  m\\\\\\\\d\\\\\\\\
=007  cr\|||||||||||
=008  111010s2008\\\\xxk\\\\\sbm\\\000\0\eng\\
=040  \\$aUk$beng$cUk$dUk
=082  04$a629.13$223
=100  1\$aChew, Siou Chye.
=245  10$aNumerical simulations of oscillatory flapping aerofoil propulsion$h[electronic resource].
=260  \\$bImperial College, London,$c2008.
=300  \\$ap. :$bdigital, PDF file.
=336  \\$atext$2rdacontent
=337  \\$acomputer$2rdamedia
=338  \\$aonline resource$2rdacarrier
=502  \\$aThesis (Ph.D.)--Imperial College London (University of London), 2008.
=504  \\$aIncludes bibliographical references.
=520  3\$aThe primary objective of the current research is to develop a Computational Fluid Dynamics (CFD) model to investigate rigid and flexible aerofoil propulsive characteristics when the aerofoil IS subjected to oscillatory flapping motions. The study is also extended to rectangular wings. Flows past the flapping aero foils at moderate Reynolds numbers are simulated using the twodimensional incompressible Navier-Stokes equations. The Baldwin-Lomax algebraic turbulence model is incorporated to determine eddy viscosity for higher Reynolds numbers turbulent flow simulations. Flows past flapping wings are simulated using strip theory, which computes the flows in multiple two-dimensional planes located at intervals along the wing span. The flows are assumed locally. two-dimensional and the three-dimensional effects between each section are incorporated via the consideration of vortex lattice effects. The simulations are modelled using piecewise linear finite element approximation method on an unstructured triangular finite element mesh. A dynamic moving mesh is used to compute flexible aerofoils and wings. The mesh is remeshed at each fluid time step using the spring segment analogy method. A novel treatment of the near.-wall viscous grids ensures that the good orthogonal properties are maintained to facilitate the turbulence computations. A wide range of simulations is carried out for an oscillatory heaving NACA0012 aerofoil. Parametric studies of basic parameters like the amplitude of oscillation, its reduced frequency, and the flow freestream Reynolds numbers effects on aero foil performance are conducted. The influences of the flexural profile on the flexible aerofoil propulsive characteristics are also investigated. The rectangular wing, oflow aspect ratio 4 and NACA0012 aerofoil cross-sections, is also simulated in oscillatory heaving motion. The chordwise flexural effects of the heaving flexible wing on its propulsive characteristics are studied too.
=538  \\$aMode of access: World Wide Web.
=710  2\$aImperial College, London.
=852  4\$aBritish Library$bDSC$cDRT$j504761
=859  \\$aXLD$bEThOS
=CAT  \\$aETHOSBKLG$b00$c20111010$lBLL01$h1534
=CAT  \\$aETHOSBKLG$c20111010$lBLL01$h1607
=CAT  \\$aETHOSBKLG$c20111010$lBLL01$h1630
=CAT  \\$aBATCH$b00$c20111010$lBLL01$h1820
=CAT  \\$aBATCH-UPD$b00$c20121030$lBLL01$h1022
=CAT  \\$aWR13.117$c20130727$lBLL01$h2006
=CAT  \\$aWR13.144/5$c20140418$lBLL01$h1025
=CAT  \\$aBATCH-ETHO$b00$c20140502$lBLL01$h0138
=CAT  \\$aBATCH-ETH8$c20170506$lBLL01$h1039
=DRT  \\$aETHOS
=FIN  \\$aY$d20111010
=FMT  \\$a  BK
=LAS  \\$aBATCH-ETH8$b00$c20170506$lBLL01$h1039
=SRC  \\$aEThOS$bethos_marc_111007.mrc
=STA  \\$aSUPPRESSED$bEThOS can't supply or embargoed

