=LDR  03166 am a22004697a 4500
=001  015916046
=003  Uk
=005  20111010153414.0
=006  m\\\\\\\\d\\\\\\\\
=007  cr\|||||||||||
=008  111010s2007\\\\xxk\\\\\sbm\\\000\0\eng\\
=040  \\$aUk$beng$cUk
=082  04$a616.1$223
=100  1\$aDavies, Justin Edgar Rees.
=245  10$aCoronary haemodynamics in hypertension and left ventricular hypertrophy$h[electronic resource].
=260  \\$bImperial College London (University of London),$c2007.
=300  \\$ap. :$bdigital, PDF file.
=336  \\$atext$2rdacontent
=337  \\$acomputer$2rdamedia
=338  \\$aonline resource$2rdacarrier
=502  \\$aThesis (Ph.D.)--Imperial College, London, 2007.
=504  \\$aIncludes bibliographical references.
=520  3\$aThe coronary blood flow waveform is unique, being determined by simultaneous changes in pressure originating at either end of the coronary artery. However, by measuring the coronary pressure waveform alone, it is not possible to separate the pressure contributions originating from the coronary microcirculation from those originating in the aorta. In this thesis wave intensity analysis was applied to unobstructed human coronary arteries to separate the contributions originating in the coronary microcirculation from those originating in the aorta, in subjects with and without left ventricular hypertrophy. I found that coronary blood flow is predominantly regulated by changes in microcirculatory-originating pressure, and not be aortic-originating pressure as is the case in other vascular beds. I identified six waves which were responsible for directing these changes in pressure. Coronary blood flow peaks during diastole due to a dominant backward-travelling 'suction' wave, generated when microcirculatory compression is relieved and pressure in the distal artery falls rapidly. This backward-travelling 'suction' wave was found to be significantly reduced in subjects with left ventricular hypertrophy. Finally, wave intensity was applied in the proximal aorta to assess the contribution of distal reflections to coronary blood flow. Wave reflections could be seen travelling back from the proximal aorta into the coronary arteries. These reflections augment coronary blood flow during systole and are more marked in older subjects.
=538  \\$aMode of access: World Wide Web.
=710  2\$aImperial College, London.
=852  4\$aBritish Library$bDSC$cDRT$j504902
=859  \\$aXLD$bEThOS
=CAT  \\$aETHOSBKLG$b00$c20111010$lBLL01$h1534
=CAT  \\$aETHOSBKLG$c20111010$lBLL01$h1607
=CAT  \\$aETHOSBKLG$c20111010$lBLL01$h1630
=CAT  \\$aBATCH$b00$c20111010$lBLL01$h1820
=CAT  \\$aBATCH-UPD$b00$c20121030$lBLL01$h1022
=CAT  \\$aWR13.117$c20130727$lBLL01$h2006
=CAT  \\$aWR13.144/5$c20140418$lBLL01$h1025
=CAT  \\$aBATCH-ETHO$b00$c20140502$lBLL01$h0138
=CAT  \\$aBATCH-ETH8$c20170506$lBLL01$h1039
=DRT  \\$aETHOS
=FIN  \\$aY$d20111010
=FMT  \\$a  BK
=LAS  \\$aBATCH-ETH8$b00$c20170506$lBLL01$h1039
=SRC  \\$aEThOS$bethos_marc_111007.mrc
=STA  \\$aSUPPRESSED$bEThOS can't supply or embargoed

