=LDR  02202 am a22004817a 4500
=001  015916527
=003  Uk
=005  20111111113649.0
=006  m\\\\\\\\d\\\\\\\\
=007  cr\|||||||||||
=008  111010s2009\\\\enk\\\\\sbm\\\000\0\eng\\
=040  \\$aUk$beng$cUk$dUk
=082  04$a622.338$223
=100  1\$aDeveugle, Peter.
=245  12$aA comparative study of reservoir modelling techniques using high-resolution outcrop datasets$h[electronic resource] /$cby Peter Deveugle.
=260  \\$aLondon :$bImperial College, London,$c2009.
=300  \\$a1 online resource.
=336  \\$atext$2rdacontent
=337  \\$acomputer$2rdamedia
=338  \\$aonline resource$2rdacarrier
=502  \\$aThesis (Ph.D.)--Imperial College London, 2009.
=504  \\$aIncludes bibliographical references.
=520  3\$aThis PhD project describes a high-resolution, three-dimensionanal model of two parasquence sets of the late Cretaceous Ferron Sandstone, a fluvial dominated deltaic reservoir analogue exposed in Utah, USA. The model was first used to quantify the facies architecture of this analogue and then as the reference to compare stochastic modelling techniques: 1) object based modelling (OBM); 2) sequential indicator simulation (SISIM); 3) multiple point statistics (MPS); and 4) spectral component geologic modelling (SCGM).
=538  \\$aMode of access: World Wide Web.
=710  2\$aImperial College, London.
=852  4\$aBritish Library$bDSC$cDRT$j505452
=859  \\$aXLD$bEThOS
=CAT  \\$aETHOSBKLG$b00$c20111010$lBLL01$h1534
=CAT  \\$aETHOSBKLG$c20111010$lBLL01$h1607
=CAT  \\$aETHOSBKLG$c20111010$lBLL01$h1630
=CAT  \\$aBATCH$b00$c20111010$lBLL01$h1820
=CAT  \\$a8250$b40$c20111110$lBLL01$h1551
=CAT  \\$a8250$b40$c20111111$lBLL01$h1136
=CAT  \\$aBATCH-UPD$b40$c20121030$lBLL01$h1022
=CAT  \\$aWR13.117$c20130727$lBLL01$h2006
=CAT  \\$aWR13.144/5$c20140418$lBLL01$h1025
=CAT  \\$aBATCH-ETH8$c20170506$lBLL01$h1039
=DRT  \\$aETHOS
=FIN  \\$aY$d20111010
=FMT  \\$a  BK
=LAS  \\$aBATCH-ETH8$b00$c20170506$lBLL01$h1039
=SRC  \\$aEThOS$bethos_marc_111007.mrc
=STA  \\$aSUPPRESSED$bEThOS can't supply or embargoed

