=LDR  01700 am a22004817i 4500
=001  015917605
=003  Uk
=005  20210602011533.0
=006  m\\\\\\\\d\\\\\\\\
=007  cr\|||||||||||
=008  111010s1990\\\\xxk\\\\\sbm\\\000\0\eng\\
=040  \\$aUk$beng$cUk$dUk
=082  14$a333.793$215
=100  1\$aMcDonald, James R.
=245  10$aOn spot-pricing based electricity tariffs and the modelling of consumer load response$h[electronic resource].
=260  \\$bUniversity of Strathclyde,$c1990.
=300  \\$ap. :$bdigital, PDF file.
=336  \\$atext$2rdacontent
=337  \\$acomputer$2rdamedia
=338  \\$aonline resource$2rdacarrier
=502  \\$aThesis (Ph.D.)--University of Strathclyde, 1990.
=504  \\$aIncludes bibliographical references.
=538  \\$aMode of access: World Wide Web.
=710  2\$aUniversity of Strathclyde.
=852  4\$aBritish Library$bDSC$cDRT$j506615
=859  \\$aXLD$bEThOS
=CAT  \\$aETHOSBKLG$b00$c20111010$lBLL01$h1534
=CAT  \\$aETHOSBKLG$c20111010$lBLL01$h1607
=CAT  \\$aETHOSBKLG$c20111010$lBLL01$h1630
=CAT  \\$aBATCH$b00$c20111010$lBLL01$h1820
=CAT  \\$aBATCH-UPD$b00$c20120326$lBLL01$h2035
=CAT  \\$a11306$b40$c20120411$lBLL01$h1111
=CAT  \\$aBATCH-UPD$b40$c20121030$lBLL01$h1022
=CAT  \\$aWR13.117$c20130727$lBLL01$h2007
=CAT  \\$aWR13.144/5$c20140418$lBLL01$h1026
=CAT  \\$aBATCH-ETH8$c20170506$lBLL01$h1040
=CAT  \\$aBATCH-ETHO$b00$c20210602$lBLL01$h0115
=DRT  \\$aETHOS
=FIN  \\$aY$d20111010
=FMT  \\$a  BK
=LAS  \\$aBATCH-ETHO$b00$c20210602$lBLL01$h0115
=SRC  \\$aEThOS$bethos_marc_111007.mrc
=STA  \\$aSUPPRESSED$bEThOS can't supply or embargoed

