=LDR  02968 am a22004577a 4500
=001  015918355
=003  Uk
=005  20111010153435.0
=006  m\\\\\\\\d\\\\\\\\
=007  cr\|||||||||||
=008  101031s1993\\\\xxk\\\\\sbm\\\000\0\eng\\
=040  \\$aUk$beng$cUk
=082  04$a616.042$223
=100  1\$aMullan, Michael John.
=245  14$aThe genetic analysis and clinical features of early onset familial Alzheimer's disease$h[electronic resource].
=260  \\$bImperial College London,$c1993.
=300  \\$ap. :$bdigital, PDF file.
=336  \\$atext$2rdacontent
=337  \\$acomputer$2rdamedia
=338  \\$aonline resource$2rdacarrier
=502  \\$aThesis (Ph.D.)--Imperial College London, 1993.
=504  \\$aIncludes bibliographical references.
=520  3\$aThis thesis details the genetic analysis and clinico-genetic correlates of early onset familial Alzheimer's disease (AD). Multiply affected families have been examined for linkage to markers on two candidate chromosomes, 21 and 14. The analysis demonstrates linkage between the β amyloid precursor protein (APP) gene and AD in five early onset (< 65 years) families in which three different mutations were subsequently discovered. Simulation studies were used extensively and enabled the evaluation of lod values below the accepted criterion of 3.0 in single families. Clinical details of these families are presented. In general, these families show classical AD symptoms and signs but with additional prominent features previously recognised in early onset disease. Linkage to βAPP is excluded in analyses of other early onset families which are shown to be linked to the long arm of chromosome 14. A comparison of clinical features is made between allelic variants of the βAPP locus and chromosome 14 linked families. In particular, analysis of variance of age of onset in early onset families supports the notion of clinico-genetic heterogeneity by demonstrating family specific ages of onset and correlation between genetic aetiology and age of onset; the very early onset families show collective evidence of linkage to chromosome 14 and the families with mean onset in the 50s have βAPP mutations.
=538  \\$aMode of access: World Wide Web.
=710  2\$aImperial College, London.
=852  4\$aBritish Library$bDSC$cDRT$j507526
=859  \\$aXLD$bEThOS
=CAT  \\$aETHOSBKLG$b00$c20111010$lBLL01$h1534
=CAT  \\$aETHOSBKLG$c20111010$lBLL01$h1607
=CAT  \\$aETHOSBKLG$c20111010$lBLL01$h1631
=CAT  \\$aBATCH$b00$c20111010$lBLL01$h1821
=CAT  \\$aBATCH-UPD$b00$c20121030$lBLL01$h1022
=CAT  \\$aWR13.117$c20130727$lBLL01$h2007
=CAT  \\$aWR13.144/5$c20140418$lBLL01$h1026
=CAT  \\$aBATCH-ETHO$b00$c20140502$lBLL01$h0138
=DRT  \\$aETHOS
=FIN  \\$aY$d20111010
=FMT  \\$a  BK
=LAS  \\$aBATCH-ETHO$b00$c20140502$lBLL01$h0138
=SRC  \\$aEThOS$bethos_marc_111007.mrc
=STA  \\$aSUPPRESSED$bEThOS can't supply or embargoed

