=LDR  03397 am a22004697a 4500
=001  015919079
=003  Uk
=005  20111010153443.0
=006  m\\\\\\\\d\\\\\\\\
=007  cr\|||||||||||
=008  111010s2009\\\\xxk\\\\\sbm\\\000\0\eng\\
=040  \\$aUk$beng$cUk
=082  04$a618.92$223
=100  1\$aRamnarayan, Padmanabhan.
=245  10$aClinical decision-making in acute paediatrics$h[electronic resource] :$bevaluation of the impact of an internet-delivered paediatric decision support system.
=260  \\$bImperial College London (University of London),$c2009.
=300  \\$ap. :$bdigital, PDF file.
=336  \\$atext$2rdacontent
=337  \\$acomputer$2rdamedia
=338  \\$aonline resource$2rdacarrier
=502  \\$aThesis (M.D.)--Imperial College, London, 2009.
=504  \\$aIncludes bibliographical references.
=520  3\$aA newer generation diagnostic aid (Isabel), capable of rapid advice provision using a simplified user interface, was developed at St Mary's Hospital in 2000. This thesis describes a series of evaluations conducted to explore Isabel's effects on diagnostic decision-making in acute paediatric practice. Preliminary assessment of system performance by the developers using a wide variety of hypothetical and real cases indicated that Isabel demonstrated significant accuracy with minimal usage time. In the next stage of evaluation, clinicians used the system to make decisions on a balanced set of cases in a simulated field study. Changes in the quality of diagnostic assessment by various grades of subjects were measured before and after Isabel consultation. Since no suitable metric was available to perform this measurement, a new reliable and valid score was developed as part of this investigation. All grades of subjects benefited from the use of the diagnostic aid in easy and difficult cases. Despite variability in the clinical features input into the Isabel system, diagnostic suggestions did not vary significantly across subjects. In the next step of evaluation, an assessment of Isabel's impact on junior doctors' decision making was performed in a multi-centre clinical trial at four paediatric sites. Subjects improved their diagnostic performance by including a number of important diagnoses in their workup after system consultation. Numerous technical, cultural and systematic barriers presented the routine use of decision support. Findings from this project provide valuable insights into how newer generation diagnostic aids can be designed and used to achieve a reduction in diagnostic error.
=538  \\$aMode of access: World Wide Web.
=710  2\$aImperial College, London.
=852  4\$aBritish Library$bDSC$cDRT$j508320
=859  \\$aXLD$bEThOS
=CAT  \\$aETHOSBKLG$b00$c20111010$lBLL01$h1534
=CAT  \\$aETHOSBKLG$c20111010$lBLL01$h1607
=CAT  \\$aETHOSBKLG$c20111010$lBLL01$h1631
=CAT  \\$aBATCH$b00$c20111010$lBLL01$h1821
=CAT  \\$aBATCH-UPD$b00$c20121030$lBLL01$h1022
=CAT  \\$aWR13.117$c20130727$lBLL01$h2007
=CAT  \\$aWR13.144/5$c20140418$lBLL01$h1026
=CAT  \\$aBATCH-ETHO$b00$c20140502$lBLL01$h0139
=CAT  \\$aBATCH-ETH8$c20170506$lBLL01$h1040
=DRT  \\$aETHOS
=FIN  \\$aY$d20111010
=FMT  \\$a  BK
=LAS  \\$aBATCH-ETH8$b00$c20170506$lBLL01$h1040
=SRC  \\$aEThOS$bethos_marc_111007.mrc
=STA  \\$aSUPPRESSED$bEThOS can't supply or embargoed

