=LDR  01548 am a22004577a 4500
=001  015927108
=003  Uk
=005  20111010153605.0
=006  m\\\\\\\\d\\\\\\\\
=007  cr\|||||||||||
=008  111010s1966\\\\xxk\\\\\sbm\\\000\0\eng\\
=040  \\$aUk$beng$cUk$dUk
=082  04$a510$223
=100  1\$aSheil-Small, TB.
=245  10$aOn Starlike Univalent Functions$h[electronic resource].
=260  \\$bImperial College, London,$c1966.
=300  \\$ap. :$bdigital, PDF file.
=336  \\$atext$2rdacontent
=337  \\$acomputer$2rdamedia
=338  \\$aonline resource$2rdacarrier
=502  \\$aThesis Imperial College London (University of London), 1966.
=504  \\$aIncludes bibliographical references.
=538  \\$aMode of access: World Wide Web.
=710  2\$aImperial College, London.
=852  4\$aBritish Library$bDSC$cDRT$j517247
=859  \\$aXLD$bEThOS
=CAT  \\$aETHOSBKLG$b00$c20111010$lBLL01$h1536
=CAT  \\$aETHOSBKLG$c20111010$lBLL01$h1608
=CAT  \\$aETHOSBKLG$c20111010$lBLL01$h1632
=CAT  \\$aBATCH$b00$c20111010$lBLL01$h1824
=CAT  \\$aBATCH-UPD$b00$c20121030$lBLL01$h1022
=CAT  \\$aWR13.117$c20130727$lBLL01$h2010
=CAT  \\$aWR13.144/5$c20140418$lBLL01$h1029
=CAT  \\$aBATCH-ETHO$b00$c20140502$lBLL01$h0140
=CAT  \\$aBATCH-ETH8$c20170506$lBLL01$h1042
=DRT  \\$aETHOS
=FIN  \\$aY$d20111010
=FMT  \\$a  BK
=LAS  \\$aBATCH-ETH8$b00$c20170506$lBLL01$h1042
=SRC  \\$aEThOS$bethos_marc_111007.mrc
=STA  \\$aSUPPRESSED$bEThOS can't supply or embargoed

