=LDR  01663 am a22004697a 4500
=001  015930117
=003  Uk
=005  20111010153636.0
=006  m\\\\\\\\d\\\\\\\\
=007  cr\|||||||||||
=008  111010s2010\\\\xxk\\\\\sbm\\\000\0\eng\\
=040  \\$aUk$beng$cUk$dUk
=082  04$a628$223
=100  10$aJones, Susan H.
=245  10$aNanoporous carbon/zeolite composites for the adsorption of green house gases (GHG) and toxic industrial chemicals (TIC)$h[electronic resource].
=260  \\$bUniversity of Surrey,$c2010.
=300  \\$ap. :$bdigital, PDF file.
=336  \\$atext$2rdacontent
=337  \\$acomputer$2rdamedia
=338  \\$aonline resource$2rdacarrier
=502  \\$aThesis (Ph.D.)--University of Surrey, 2010.
=504  \\$aIncludes bibliographical references.
=538  \\$aMode of access: World Wide Web.
=710  2\$aUniversity of Surrey.
=852  4\$aBritish Library$bDSC$cDRT$j520577
=859  \\$aXLD$bEThOS
=CAT  \\$aETHOSBKLG$b00$c20111010$lBLL01$h1536
=CAT  \\$aETHOSBKLG$c20111010$lBLL01$h1608
=CAT  \\$aETHOSBKLG$c20111010$lBLL01$h1632
=CAT  \\$aBATCH$b00$c20111010$lBLL01$h1826
=CAT  \\$aBATCH-UPD$b00$c20121030$lBLL01$h1022
=CAT  \\$aWR13.117$c20130727$lBLL01$h2012
=CAT  \\$aWR13.144/5$c20140418$lBLL01$h1030
=CAT  \\$aBATCH-ETHO$b00$c20140502$lBLL01$h0140
=CAT  \\$aBATCH-UPD$b00$c20140901$lBLL01$h2106
=CAT  \\$aBATCH-ETH8$c20170506$lBLL01$h1043
=DRT  \\$aETHOS
=FIN  \\$aY$d20111010
=FMT  \\$a  BK
=LAS  \\$aBATCH-ETH8$b00$c20170506$lBLL01$h1043
=SRC  \\$aEThOS$bethos_marc_111007.mrc
=STA  \\$aSUPPRESSED$bEThOS can't supply or embargoed

