=LDR  01559 am a22004577i 4500
=001  015930927
=003  Uk
=005  20111010153644.0
=006  m\\\\\\\\d\\\\\\\\
=007  cr\|||||||||||
=008  111010s2008\\\\xxk\\\\\sbm\\\000\0\eng\\
=040  \\$aUk$beng$cUk$dUk
=082  14$a338.1$215
=100  1\$aMandelblatt, Bertie.
=245  10$aFeeding the French Atlantic$h[electronic resource].
=260  \\$bRoyal Holloway, University of London,$c2008.
=300  \\$ap. :$bdigital, PDF file.
=336  \\$atext$2rdacontent
=337  \\$acomputer$2rdamedia
=338  \\$aonline resource$2rdacarrier
=502  \\$aThesis (Ph.D.)--Royal Holloway, University of London, 2008.
=504  \\$aIncludes bibliographical references.
=538  \\$aMode of access: World Wide Web.
=710  2\$aRoyal Holloway College.
=852  4\$aBritish Library$bDSC$cDRT$j521486
=859  \\$aXLD$bEThOS
=CAT  \\$aETHOSBKLG$b00$c20111010$lBLL01$h1536
=CAT  \\$aETHOSBKLG$c20111010$lBLL01$h1608
=CAT  \\$aETHOSBKLG$c20111010$lBLL01$h1632
=CAT  \\$aBATCH$b00$c20111010$lBLL01$h1826
=CAT  \\$aBATCH-UPD$b00$c20121030$lBLL01$h1022
=CAT  \\$aWR13.117$c20130727$lBLL01$h2012
=CAT  \\$aWR13.144/5$c20140418$lBLL01$h1030
=CAT  \\$aBATCH-ETH8$c20170506$lBLL01$h1043
=CAT  \\$aBATCH-ETHO$b00$c20180302$lBLL01$h0131
=DRT  \\$aETHOS
=FIN  \\$aY$d20111010
=FMT  \\$a  BK
=LAS  \\$aBATCH-ETHO$b00$c20180302$lBLL01$h0131
=SRC  \\$aEThOS$bethos_marc_111007.mrc
=STA  \\$aSUPPRESSED$bEThOS can't supply or embargoed

