=LDR  01605 am a22004577i 4500
=001  015936854
=003  Uk
=005  20111010153739.0
=006  m\\\\\\\\d\\\\\\\\
=007  cr\|||||||||||
=008  111010s2010\\\\xxk\\\\\sbm\\\000\0\eng\\
=040  \\$aUk$beng$cUk$dUk
=082  14$a306$215
=100  1\$aTebbutt, Melanie Julia.
=245  10$aMaking, talking and walking$h[electronic resource] :$bChanging narratives of gender, class and leisure.
=260  \\$bLeeds Metropolitan University,$c2010.
=300  \\$ap. :$bdigital, PDF file.
=336  \\$atext$2rdacontent
=337  \\$acomputer$2rdamedia
=338  \\$aonline resource$2rdacarrier
=502  \\$aThesis (Ph.D.)--Leeds Metropolitan University, 2010.
=504  \\$aIncludes bibliographical references.
=538  \\$aMode of access: World Wide Web.
=710  2\$aLeeds Metropolitan University.
=852  4\$aBritish Library$bDSC$cDRT$j528349
=859  \\$aXLD$bEThOS
=CAT  \\$aETHOSBKLG$b00$c20111010$lBLL01$h1537
=CAT  \\$aETHOSBKLG$c20111010$lBLL01$h1609
=CAT  \\$aETHOSBKLG$c20111010$lBLL01$h1633
=CAT  \\$aBATCH$b00$c20111010$lBLL01$h1828
=CAT  \\$aBATCH-UPD$b00$c20121030$lBLL01$h1022
=CAT  \\$aWR13.117$c20130727$lBLL01$h2014
=CAT  \\$aWR13.144/5$c20140418$lBLL01$h1032
=CAT  \\$aBATCH-ETH8$c20170506$lBLL01$h1044
=CAT  \\$aBATCH-ETHO$b00$c20180302$lBLL01$h0131
=DRT  \\$aETHOS
=FIN  \\$aY$d20111010
=FMT  \\$a  BK
=LAS  \\$aBATCH-ETHO$b00$c20180302$lBLL01$h0131
=SRC  \\$aEThOS$bethos_marc_111007.mrc
=STA  \\$aSUPPRESSED$bEThOS can't supply or embargoed

