=LDR  01615 am a22004577a 4500
=001  015942468
=003  Uk
=005  20111010153830.0
=006  m\\\\\\\\d\\\\\\\\
=007  cr\|||||||||||
=008  111010s2011\\\\xxk\\\\\sbm\\\000\0\eng\\
=040  \\$aUk$beng$cUk$dUk
=082  04$a708$223
=100  1\$aNisbett, Melissa Jane.
=245  10$aNew perspectives on instrumentalism$h[electronic resource] :$bStratagems, subversion and the case of cultural diplomacy.
=260  \\$bSheffield Hallam University,$c2011.
=300  \\$ap. :$bdigital, PDF file.
=336  \\$atext$2rdacontent
=337  \\$acomputer$2rdamedia
=338  \\$aonline resource$2rdacarrier
=502  \\$aThesis (Ph.D.)--Sheffield Hallam University, 2011.
=504  \\$aIncludes bibliographical references.
=538  \\$aMode of access: World Wide Web.
=710  2\$aSheffield Hallam University.
=852  4\$aBritish Library$bDSC$cDRT$j534497
=859  \\$aXLD$bEThOS
=CAT  \\$aETHOSBKLG$b00$c20111010$lBLL01$h1538
=CAT  \\$aETHOSBKLG$c20111010$lBLL01$h1610
=CAT  \\$aETHOSBKLG$c20111010$lBLL01$h1633
=CAT  \\$aBATCH$b00$c20111010$lBLL01$h1831
=CAT  \\$aBATCH-UPD$b00$c20121030$lBLL01$h1022
=CAT  \\$aWR13.117$c20130727$lBLL01$h2016
=CAT  \\$aWR13.144/5$c20140418$lBLL01$h1033
=CAT  \\$aBATCH-ETHO$b00$c20140502$lBLL01$h0141
=CAT  \\$aBATCH-ETH8$c20170506$lBLL01$h1045
=DRT  \\$aETHOS
=FIN  \\$aY$d20111010
=FMT  \\$a  BK
=LAS  \\$aBATCH-ETH8$b00$c20170506$lBLL01$h1045
=SRC  \\$aEThOS$bethos_marc_111007.mrc
=STA  \\$aSUPPRESSED$bEThOS can't supply or embargoed

