=LDR  01593 am a22004697a 4500
=001  015943816
=003  Uk
=005  20111010153841.0
=006  m\\\\\\\\d\\\\\\\\
=007  cr\|||||||||||
=008  111010s2011\\\\xxk\\\\\sbm\\\000\0\eng\\
=040  \\$aUk$beng$cUk$dUk
=082  04$a340$223
=100  1\$aPégorier, Clotilde.
=245  14$aThe legal qualification of ethnic cleansing$h[electronic resource].
=260  \\$bUniversity of Exeter,$c2011.
=300  \\$ap. :$bdigital, PDF file.
=336  \\$atext$2rdacontent
=337  \\$acomputer$2rdamedia
=338  \\$aonline resource$2rdacarrier
=502  \\$aThesis (Ph.D.)--University of Exeter, 2011.
=504  \\$aIncludes bibliographical references.
=538  \\$aMode of access: World Wide Web.
=710  2\$aUniversity of Exeter.
=852  4\$aBritish Library$bDSC$cDRT$j535902
=859  \\$aXLD$bEThOS
=CAT  \\$aETHOSBKLG$b00$c20111010$lBLL01$h1538
=CAT  \\$aETHOSBKLG$c20111010$lBLL01$h1610
=CAT  \\$aETHOSBKLG$c20111010$lBLL01$h1634
=CAT  \\$aBATCH$b00$c20111010$lBLL01$h1831
=CAT  \\$aBATCH-UPD$b00$c20121030$lBLL01$h1022
=CAT  \\$aBATCH-UPD$b00$c20130531$lBLL01$h2050
=CAT  \\$aWR13.117$c20130727$lBLL01$h2017
=CAT  \\$aWR13.144/5$c20140418$lBLL01$h1034
=CAT  \\$aBATCH-ETHO$b00$c20140502$lBLL01$h0142
=CAT  \\$aBATCH-ETH8$c20170506$lBLL01$h1045
=DRT  \\$aETHOS
=FIN  \\$aY$d20111010
=FMT  \\$a  BK
=LAS  \\$aBATCH-ETH8$b00$c20170506$lBLL01$h1045
=SRC  \\$aEThOS$bethos_marc_111007.mrc
=STA  \\$aSUPPRESSED$bEThOS can't supply or embargoed

