=LDR  01601 am a22004577a 4500
=001  015943993
=003  Uk
=005  20111010153843.0
=006  m\\\\\\\\d\\\\\\\\
=007  cr\|||||||||||
=008  111010s1970\\\\xxk\\\\\sbm\\\000\0\eng\\
=040  \\$aUk$beng$cUk$dUk
=082  04$a327.42$223
=100  1\$aHallett , M. E.
=245  14$aThe 4th Earl Grey as Governor General of Canada, 1904-1911$h[electronic resource].
=260  \\$bKing's College London (University of London),$c1970.
=300  \\$ap. :$bdigital, PDF file.
=336  \\$atext$2rdacontent
=337  \\$acomputer$2rdamedia
=338  \\$aonline resource$2rdacarrier
=502  \\$aThesis (Ph.D.)--King's College London (University of London), 1970.
=504  \\$aIncludes bibliographical references.
=538  \\$aMode of access: World Wide Web.
=710  2\$aKing's College London.
=852  4\$aBritish Library$bDSC$cDRT$j536085
=859  \\$aXLD$bEThOS
=CAT  \\$aETHOSBKLG$b00$c20111010$lBLL01$h1538
=CAT  \\$aETHOSBKLG$c20111010$lBLL01$h1610
=CAT  \\$aETHOSBKLG$c20111010$lBLL01$h1634
=CAT  \\$aBATCH$b00$c20111010$lBLL01$h1831
=CAT  \\$aBATCH-UPD$b00$c20121030$lBLL01$h1022
=CAT  \\$aWR13.117$c20130727$lBLL01$h2017
=CAT  \\$aWR13.144/5$c20140418$lBLL01$h1034
=CAT  \\$aBATCH-ETHO$b00$c20140502$lBLL01$h0142
=CAT  \\$aBATCH-ETH8$c20170506$lBLL01$h1046
=DRT  \\$aETHOS
=FIN  \\$aY$d20111010
=FMT  \\$a  BK
=LAS  \\$aBATCH-ETH8$b00$c20170506$lBLL01$h1046
=SRC  \\$aEThOS$bethos_marc_111007.mrc
=STA  \\$aSUPPRESSED$bEThOS can't supply or embargoed

